1619 2524
279 169 332 206 26
565 168 773 208 SOENES
812 169 962 208 FROM
997 169 1114 210 THE

281 274 348 312 cui
375 275 543 313 senatus
571 273 780 323 praedixit,
804 275 851 311 ut
876 282 1016 313 muros
1044 276 1259 324 turresque
1290 274 1402 313 urbis

280 339 474 387 firmaret,
498 341 727 388 pontesque
748 339 1008 378 rescinderet.

335 402 485 440 Fabius
502 401 719 440 constituit
737 401 940 451 proelium
967 415 1050 440 non
1077 406 1287 441 conserere
1306 415 1401 442 cum

200 471 261 502 195
282 467 529 515 Hannibale,
573 467 642 505 sed
687 467 824 516 petius
865 468 992 516 sequi,
1033 467 1236 514 lacessere,
1278 471 1403 516 vagos

280 534 535 581 intercipere,
561 532 737 570 sedendo
758 533 799 570 et
819 532 1048 570 cunctando
1069 532 1223 570 bellum
1240 537 1402 583 gerere:

280 599 438 636 interea
458 598 541 636 dux
563 597 729 636 Poenus
747 597 880 636 vastat
899 610 1019 647 agros
1047 597 1249 647 villasque
1269 598 1402 636 incen-

281 663 352 701 dit.

334 728 559 776 Praeterea,
577 740 671 766 cum
685 728 939 766 monstratus
949 730 1046 777 ager
1060 728 1275 766 dictateris
1285 730 1403 776 esset,

197 798 264 829 200
281 792 493 832 Hannibal
525 806 622 833 suos
650 793 723 831 uni
751 793 789 831 ei
816 792 982 842 praedio
1010 796 1173 842 parcere
1196 792 1328 841 iussit,
1357 794 1405 832 ut

281 858 431 897 occulti
450 859 559 908 pacti
577 861 624 897 ea
644 871 797 897 merces
817 870 905 896 esse
926 857 1146 897 videretur.

338 1010 433 1049 Mox
461 1010 640 1049 Romani
666 1014 790 1061 prope
815 1008 1083 1049 includebant
1110 1009 1402 1057 Hannibalem,

283 1076 354 1126 qui
387 1089 458 1126 per
489 1076 640 1115 vallem
679 1088 774 1114 suos
805 1074 1005 1123 ducebat3
1044 1075 1182 1126 itaque
1215 1075 1406 1114 frustrari

282 1142 445 1180 hostem
477 1143 517 1179 et
556 1141 673 1179 nocte
710 1140 856 1178 furtim
904 1140 1095 1189 progredi
1143 1140 1194 1178 ad
1243 1142 1407 1178 montes

201 1213 265 1243 205
285 1207 453 1246 statuit:

336 1272 484 1322 virgae,
516 1285 567 1309 ex
600 1271 710 1321 agris
739 1271 939 1316 collectae,
965 1270 1300 1321 praeligabantur
1328 1283 1407 1310 cor-

284 1337 407 1375 nibus
436 1337 572 1385 beum‚
605 1349 708 1386 quos
742 1335 898 1374 multos
928 1335 1120 1386 praedam
1153 1336 1318 1386 agebat:
1350 1336 1406 1375 sic

284 1403 334 1441 ad
355 1402 436 1441 duo
456 1401 573 1440 milia
594 1401 719 1439 heum
739 1403 837 1439 sunt
857 1403 1007 1451 parata.

339 1468 482 1506 Prima
521 1468 640 1505 nocte
679 1466 842 1506 silentio
880 1466 1006 1505 beves
1043 1468 1138 1505 ante
1176 1466 1293 1517 signa
1330 1467 1408 1506 acti

204 1539 267 1570 210
286 1536 408 1581 sunt;
439 1533 600 1580 dffinde,
631 1532 748 1582 signo
786 1532 892 1580 dato,
929 1532 1108 1571 accensis
1137 1532 1332 1571 cornibus
1364 1533 1409 1570 in

285 1600 474 1638 adversos
493 1600 656 1637 montes
669 1598 980 1637 concitabantur
996 1613 1004 1637 :
1034 1598 1202 1637 flamma
1221 1598 1410 1648 calorque

287 1663 530 1702 stimulabat
548 1664 682 1702 furere
703 1663 838 1712 boveS,
861 1663 931 1713 qui
950 1664 1104 1712 passim
1127 1663 1411 1702 discurrebant

288 1732 327 1768 et
347 1732 544 1767 terrerem
565 1728 766 1767 Romanis
785 1728 1045 1778 praebebant.

342 1792 412 1840 Hi,
435 1791 738 1830 circumventos
766 1803 808 1828 se
831 1803 917 1828 esse
939 1790 1028 1837 rati,
1051 1790 1251 1839 praesidio
1278 1799 1410 1828 evase·

206 1862 270 1893 215
288 1855 396 1903 runt,
430 1856 469 1893 et
505 1855 701 1892 timentes
738 1852 910 1891 insidias
939 1854 1248 1891 concitaverunt
1286 1865 1328 1890 se
1366 1852 1410 1890 in

289 1920 439 1969 fugam.

344 1985 511 2023 Interea
545 1983 771 2032 Hannibal,
806 1985 893 2022 teto
924 1986 1090 2033 agmine
1126 1982 1312 2020 traducto
1339 1994 1410 2031 per

293 2051 458 2098 saltum,
482 2063 503 2087 e
522 2049 630 2088 valle
649 2048 872 2087 contendit.
