1619 2524
485 139 614 179 LIFE
653 137 722 179 oF
759 137 1064 177 HANNIBAL
1286 137 1338 176 35

270 245 389 291 Tum,
411 244 553 283 castris
573 244 708 290 motis,
727 243 901 282 Romam
921 241 1160 281 contendit:
1188 242 1338 280 stafiva

216 310 351 360 posuit
382 322 466 348 non
494 308 636 359 procul
666 308 716 346 ab
746 307 844 346 urbe
871 310 913 346 ct
937 318 1177 357 progressus
1203 308 1266 344 est
1292 307 1339 344 ut

216 375 380 414 moenia
398 373 758 423 contemplaretur.

269 440 412 480 Prtmo
455 442 582 489 pavor
627 438 774 478 urbem
820 438 1017 488 replebat,
1054 439 1127 479 sed
1172 440 1340 478 senatus

216 506 353 546 noluit
385 506 588 544 exercitus
621 507 820 552 revocare,
857 504 928 554 qui
966 505 1148 554 Capuam
1182 504 1339 543 obside·
1356 508 1421 539 390

215 572 327 619 bant,
349 572 390 610 et
411 570 587 609 Romam
608 569 825 608 defendere
847 570 1006 609 statuit.

269 636 486 676 Praeterea
507 638 594 674 tam
625 636 863 673 constantes
886 637 1001 673 erant
1027 635 1217 683 Romani,
1238 637 1285 674 ut
1304 635 1339 673 is

214 707 320 754 ager,
355 702 401 741 in
438 715 520 753 quo
559 699 771 739 Hannibal
810 701 939 739 castra
976 700 1165 747 habebat,
1199 700 1340 750 magni

215 769 336 821 pretii
354 770 524 807 veniret.

269 834 358 882 Quo
385 833 536 877 audito,
573 831 784 871 Hannibal
817 832 940 871 iussit
972 833 1165 872 tabernas
1203 844 1340 882 argen-
1357 838 1420 868 395

215 899 349 946 tarias,
373 911 475 949 quae
494 897 600 936 circa
613 898 751 936 forum
767 897 1004 936 Romanum
1021 899 1169 943 essent,
1186 905 1328 935 venire

268 964 463 1011 Tandem,
504 975 598 1002 cum
638 961 911 1001 intellexisset
949 975 992 1001 se
1033 962 1189 1002 Romae
1232 961 1339 1000 nihil

215 1028 375 1067 efficere
394 1040 520 1078 posse,
536 1027 662 1067 motis
681 1026 824 1066 castris
842 1027 1072 1065 exercitum
1093 1026 1274 1066 abduxit.

270 1094 363 1133 Non
392 1092 527 1132 multo
554 1094 697 1142 postea
726 1091 904 1130 Romani
932 1091 1116 1141 Capuam
1142 1094 1339 1142 ceperunt

214 1161 255 1197 et
273 1162 416 1208 graves
436 1157 696 1196 condiciones
714 1156 1012 1205 imposuerunt.
1068 1157 1146 1195 Sed
1169 1156 1338 1206 quidam
1356 1161 1419 1192 400

214 1226 421 1263 senatores
454 1221 666 1272 Campani,
702 1220 908 1260 victorum
941 1229 1048 1259 Iram
1078 1221 1211 1270 veriti,
1247 1234 1335 1260 con-

214 1286 326 1326 vivio
345 1287 500 1336 parato,
521 1286 682 1324 mentes
699 1292 797 1322 vino
823 1285 864 1321 et
894 1282 1028 1333 epulis
1055 1285 1338 1322 remeaverant

213 1354 256 1390 et
273 1355 481 1390 venenum
500 1351 773 1400 sumpserant.

267 1418 393 1458 Anno
407 1419 594 1466 proximo
609 1414 806 1455 Fulvium
821 1414 1107 1464 proconsulem
1123 1414 1338 1453 Hannibal

214 1481 377 1532 ingenti
390 1483 524 1530 strage
538 1479 651 1520 vicit.
716 1479 889 1520 Fulvius
899 1481 941 1518 et
952 1479 1087 1520 multa
1101 1479 1218 1519 milia
1232 1479 1338 1518 mili·
1356 1484 1420 1514 405

213 1551 305 1588 tum
324 1548 423 1587 sunt
441 1545 556 1587 caesi.

722 1690 829 1733 XVI

213 1795 400 1831 Hannibal
416 1799 563 1840 entraps
579 1795 783 1830 Marcellus.
821 1794 874 1829 He
890 1795 976 1829 tries
991 1798 1025 1829 to
1041 1794 1172 1828 deceive
1187 1795 1336 1838 Salapia

307 1854 348 1898 by
364 1854 493 1898 foryed
519 1854 655 1888 letters:
689 1853 745 1887 the
773 1853 865 1887 triclc
890 1853 923 1886 is
949 1853 1152 1894 discovered,
1180 1853 1254 1886 and
1281 1852 1336 1886 the

308 1913 416 1946 tables
432 1923 493 1946 are
510 1912 638 1946 turned
654 1922 700 1946 on
717 1911 772 1945 the
793 1910 1083 1955 Car-thayiniam.

269 1997 493 2047 Hannibal,
509 2011 603 2038 cum
616 1998 809 2037 Marcello
824 1997 989 2037 consule
1005 1997 1068 2037 bis
1081 2009 1332 2048 congressus,

214 2066 363 2103 vicerat
384 2063 597 2113 victusque
616 2065 712 2102 erat.

736 2141 757 2167 c
786 2130 810 2166 2
