1619 2524
226 173 278 210 42
516 173 724 213 SGENES
763 174 915 214 FROM
955 176 1072 215 THE

278 276 467 316 Laelium
483 291 578 316 cum
595 271 742 318 Ttalico
756 280 942 330 equitatu
958 279 1010 319 ab
1026 281 1193 319 sinistro
1208 294 1346 329 cornu,

226 342 430 382 Numidas
454 342 505 382 ab
533 343 678 382 dextro
706 344 873 394 posuit3
910 345 1001 385 vias
1025 347 1215 396 patentes
1242 346 1352 385 inter

225 408 460 458 manipulos
479 407 678 447 velitibus
697 410 931 460 complevit.

279 473 491 512 Hannibal
512 483 668 524 primos
683 474 986 525 elephantos‚-
996 476 1206 526 octoginta
1221 478 1347 524 erant,

142 545 207 575 560
224 539 495 578 —instruxitz
545 540 692 579 deinde
738 541 902 589 auxilia,
949 541 993 580 in
1041 541 1220 581 secunda
1265 542 1350 580 acie

225 603 596 654 Uarthagmienses,
635 605 811 656 denique
853 606 1059 646 subsidia:
1118 607 1351 657 equitatum

224 670 309 719 ipse
322 669 593 708 circumdedit
605 670 818 710 cornibus:
840 672 1031 710 dextrum
1046 671 1351 721 Carthaginien—

226 748 299 783 ses,
322 735 540 774 sinistrum
562 735 765 775 Numidae
786 738 1022 776 tenuerunt.

733 929 840 971 XXI

229 1031 298 1065 The
315 1032 417 1065 battle
437 1032 480 1075 of
495 1032 620 1066 Zama.
676 1033 747 1066 The
771 1033 886 1076 defeat
912 1034 957 1076 of
975 1033 1030 1067 the
1061 1033 1349 1076 Carthaqinz'ans.

318 1090 505 1124 Hannibal
545 1095 687 1125 returns
727 1096 760 1124 to
796 1091 971 1134 Carthaye
1012 1093 1085 1125 and
1125 1092 1259 1125 advises
1297 1091 1353 1124 the

318 1153 520 1192 acceptance
545 1149 588 1193 of
606 1149 661 1183 the
687 1149 795 1183 hstrsh
821 1153 928 1183 terms
952 1150 996 1193 os
1008 1160 1124 1193 peace.

279 1245 489 1284 Proelium
505 1248 741 1285 consertum
765 1249 827 1286 est
843 1261 851 1295 3
881 1246 1001 1286 tubae
1021 1247 1128 1297 apud
1146 1247 1355 1286 Romanos

143 1325 207 1355 565
225 1313 470 1356 cecinerunt,
504 1313 728 1361 tantusque
760 1311 915 1351 clamor
946 1314 1061 1351 ortus
1096 1314 1166 1357 est,
1198 1314 1246 1351 ut
1276 1311 1353 1350 ele-

225 1376 372 1426 phanti
386 1376 431 1415 in
450 1389 545 1415 suos
564 1378 847 1416 verterentur:
876 1390 1026 1427 paucae
1046 1378 1188 1416 tamen
1207 1377 1353 1416 bestia-

225 1455 329 1487 rum,
348 1441 391 1480 in
408 1442 568 1480 hostem
591 1444 714 1487 actae,
732 1441 943 1491 ingentem
965 1443 1144 1492 stragem
1164 1441 1349 1480 edebant.

226 1506 304 1545 Sed
334 1506 481 1545 velites
514 1506 625 1545 viam
660 1506 894 1556 elephantis
929 1506 1116 1545 fecerunt
1145 1508 1195 1551 et,
1225 1506 1355 1545 hastis

224 1572 430 1617 coniectis,
451 1572 528 1610 hos
548 1585 597 1610 ex
619 1572 805 1611 Romana
832 1572 917 1611 acie
937 1573 1162 1622 exegerunt
1180 1571 1226 1610 in
1245 1571 1355 1622 equi-

145 1646 207 1676 570
225 1639 286 1677 tes
306 1637 680 1687 Carthaginienses,
704 1650 806 1687 quos
826 1637 871 1675 in
891 1637 1034 1687 fugam
1053 1638 1282 1675 verterunt.

280 1703 467 1742 Secunda
485 1703 593 1742 acies
613 1703 821 1753 fugientes
835 1715 920 1741 non
940 1701 1184 1747 sustinebat,
1205 1701 1353 1741 deinde

225 1768 375 1808 auxilia
395 1771 508 1819 terga
527 1768 692 1807 dabant.

280 1834 474 1880 Tandem,
512 1836 552 1872 et
601 1837 773 1872 numero
821 1832 1007 1883 superior
1054 1832 1268 1870 Romanus
1314 1834 1354 1870 et

225 1899 376 1944 animo,
408 1899 515 1949 quod
545 1898 786 1948 equitesque
815 1900 855 1936 et
891 1897 1132 1947 elephantos
1169 1895 1354 1935 hostium

145 1970 208 2000 575
227 1965 400 2009 fuderat,
421 1964 650 2014 superabat.

281 2029 686 2079 Carthaginiensium
720 2029 1005 2079 sociorumque
1035 2040 1149 2066 caesa
1177 2029 1274 2066 sunt
1302 2027 1353 2066 ad

227 2095 377 2145 viginti
408 2095 549 2142 milia;
578 2108 650 2145 par
679 2097 877 2133 numerus
905 2095 1047 2144 eaptus
1074 2094 1136 2131 est
1162 2105 1257 2131 cum
1276 2092 1353 2131 ele·
